@online{Nakamoto2008,
    author = {Satoshi Nakamoto},
    title = {Bitcoin: A Peer-to-Peer Electronic Cash System},
    year = {2008},
    url = {https://bitcoin.org/bitcoin.pdf}
}

@inproceedings{Battista2015, 
    author = {Giuseppe Di Battista and Valentino Di Donato and Maurizio Patrignani and Maurizio Pizzonia and Vincenzo Roselli and Roberto Tamassia}, 
    booktitle = {2015 IEEE Symposium on Visualization for Cyber Security (VizSec)},
    title = {Bitconeview: visualization of flows in the bitcoin transaction graph},
    year = {2015}, 
    pages = {1-8}, 
    doi = {10.1109/VIZSEC.2015.7312773}, 
    month = {Oct}
}

@inproceedings{Kuzuno2017, 
    author = {Hiroki Kuzuno and Christian Karam}, 
    booktitle = {2017 APWG Symposium on Electronic Crime Research (eCrime)}, 
    title = {Blockchain explorer: An analytical process and investigation environment for bitcoin}, 
    year = {2017}, 
    pages = {9-16}, 
    month = {April}
}

@article{McGinn2016,
    author = {Dan McGinn and David Birch and David Akroyd and Miguel Molina-Solana and Yike Guo and William J. Knottenbelt},
    title = {Visualizing Dynamic Bitcoin Transaction Patterns},
    journaltitle = {Big Data},
    year = {2016},
    volume = {4},
    number = {2},
    doi = {10.1089/big.2015.0056}
}

@book{Narayanan2016,
    author = {Arvind Narayanan and Joseph Bonneau and Edward Felten and Andrew Miller and Steven Goldfeder},
    title = {Bitcoin and Cryptocurrency Technologies: A Comprehensive Introduction},
    year = {2016},
    publisher = {Princeton University Press},
    location = {New Jersey, USA},
    ISBN = {9781400884155}
}

@techreport{Porat,
    author = {Amitai Porat and Avneesh Pratap and Parth Shah and Vinit Adkar},
    title = {Blockchain Consensus: An analysis of Proof-of-Work and its applications},
    year = {},
    institution = {Stanford University}
}

@mastersthesis{Saublet2015,
    author = {Loïs Saublet}, 
    title = {Bitcoin Visualization},
    school = {Université Paris-Sud},
    year = 2015,
    month = {August}
}

@article{Sundara2017,
    author = {Tri A. Sundara and Ideva Gaputra and Siska Aulia},
    title = {Study on Blockchain Visualization},
    journaltitle = {JOIV : International Journal on Informatics Visualization},
    year = {2017},
    month = {Sept},
    doi = {10.30630/joiv.1.3.23}
}

@online{musicbox,
    author = {Fraunhofer FIT},
    title = {Music Box},
    year = {},
    url = {https://www.fit.fraunhofer.de/de/fb/cscw/blockchain/radiobox-blockchain.html}
}

@online{bitcoin,
    author = {Satoshi Nakamoto and Martti Malmi},
    title = {Bitcoin},
    year = {},
    url = {https://bitcoin.org/en/}
}

@online{ethereum,
    author = {Ethereum Foundation},
    title = {Ethereum Project},
    year = {},
    url = {https://www.ethereum.org/}
}

@online{eve,
    author = {Almende},
    title = {Eve},
    year = {},
    url = {http://eve.almende.com/}
}

@article{Fleder2015,
    author = {Michael Fleder and Michael S. Kester and Sudeep Pillai},
    title = {Bitcoin Transaction Graph Analysis},
    year = {2015},
    month = {Feb},
    doi = {arXiv:1502.01657}
}

@inproceedings{Baumann2014,
    author = {Baumann, Annika and Fabian, Benjamin and Lischke, Matthias},
    year = {2014},
    month = {04},
    title = {Exploring the Bitcoin Network},
    volume = {1},
    booktitle = {WEBIST 2014 - Proceedings of the 10th International Conference on Web Information Systems and Technologies}
}

@online{bitbonkers,
    author = {},
    title = {Bitbonkers},
    year = {},
    url = {https://bitbonkers.com/}
}

@online{bitnodes,
    author = {},
    title = {Bitnodes},
    year = {},
    url = {https://bitnodes.earn.com/}
}

@online{bitcoincity,
    author = {},
    title = {BitcoinCity},
    year = {},
    url = {http://bitcoincity.info/}
}

@online{blockseer,
    author = {},
    title = {Blockseer},
    year = {},
    url = {https://www.blockseer.com/}
}

@online{dailyblockchain,
    author = {},
    title = {DailyBlockchain},
    year = {},
    url = {https://dailyblockchain.github.io/}
}

@online{elliptic,
    author = {},
    title = {Elliptic},
    year = {},
    url = {https://info.elliptic.co/hubfs/big-bang/bigbang-v1.html}
}

@online{interaqt,
    author = {},
    title = {Interaqt},
    year = {},
    url = {http://bitcoin.interaqt.nl/}
}

@online{liveglobe,
    author = {},
    title = {Live Globe},
    year = {},
    url = {https://blocks.wizb.it/}
}.

@online{blockchain,
    author = {},
    title = {Blockchain},
    year = {},
    url = {https://blockchain.info/}
}

@online{etherscan,
    author = {},
    title = {Etherscan},
    year = {},
    url = {https://etherscan.io/}
}

@online{jsonrpc,
    author = {},
    title = {JSON-RPC},
    year = {},
    url = {http://www.jsonrpc.org/specification}
}

@online{websocket,
    author = {},
    title = {WebSocket},
    year = {},
    url = {https://tools.ietf.org/html/rfc6455}
}

@online{material,
    author = {},
    title = {Material Design},
    year = {},
    url = {https://material.io/}
}